% Encoding: UTF-8



@Misc{Bild_BMA020,
  author = 	 	 {{ELV-/eQ-3-Gruppe}},
  title = 	 	 {{3-Achsen-Beschleunigungssensor}},
  howpublished = 	 {\url{http://www.elv.de/3-achsen-beschleunigungssensor-3d-bs-komplettbausatz.html} (letzter Zugriff: 28.04.2016)}
}

@Misc{Bild_DS18S20,
  author = 	 	 {{Smart Living Technology}},
  title = 	 	 {{DS18S20 Temperature Sensor}},
  howpublished = 	 {\url{http://www.smartliving.com.au/ds18b20-temperature-sensor.html} (letzter Zugriff: 21.04.2016)}
}

@Misc{Bild_HYT221,
  author = 	 	 {{Re-In Retail International GmbH}},
  title = 	 	 {{Feuchte- und Temperatursensor digital Hyt221}},
  howpublished = 	 {\url{http://www.voelkner.de/products/207755/Feuchte-und-Temperaturesensor-digital-Hyt-221.html} (letzter Zugriff: 21.04.2016)}
}

@Misc{Bluetooth_Low_Energy,
  author = 	 	 {{ Bluetooth SIG}},
  title = 	 	 {{Bluetooth Low Energy}},
  howpublished = 	 {\url{https://www.bluetooth.com/what-is-bluetooth-technology/bluetooth-technology-basics/low-energy} (letzter Zugriff: 18.04.2016)}
}


@Book{Bussysteme_in_der_Praxis,
  Title                    = {Bussysteme in der Praxis},
  Author                   = {Wilfried Klaas},
  Publisher                = {Franzis Verlag GmbH},
  Year                     = {2015},
  Owner                    = {Michi},
  Timestamp                = {2016.04.06}
}

@Manual{Datenblatt_BMA020,
  title =        {BMA020 Digital, triaxial acceleration sensor},
  organization = {Bosch Sensortec GmbH},
  edition =      {1.2},
  month =        may,
  year =         {2008}
}

@Manual{Datenblatt_DB18S20,
  Title                    = {DS18S20 High-Precision 1-Wire Digital Thermometer},
  Organization             = {Maxim Integrated Products},
  Year                     = {2015}
}

@Manual{Datenblatt_HYT221,
  Title                    = {HYGROCHIP DIGITALER FEUCHTESENSOR HYT-221},
  Month                    = {September},
  Organization             = {INNOVATIVE SENSOR TECHNOLOGY},
  Year                     = {2011},
  Owner                    = {Michi},
  Timestamp                = {2016.04.29}
}

@Misc{Bluetooth_Low_Energy,
  author = 	 	 {{ Bluetooth SIG}},
  title = 	 	 {{Bluetooth Low Energy}},
  howpublished = 	 {\url{https://www.bluetooth.com/what-is-bluetooth-technology/bluetooth-technology-basics/low-energy} (letzter Zugriff: 18.04.2016)}
}

@Manual{Datenblatt_I2C_HYT221,
  month =        {May},
  year =         {2010},
  title =        {DIGITALER FEUCHTESENSOR PROTOKOLLBESCHREIBUNG I2C},
  organization = {HYGROSENS INSTRUMENTS GmbH}
}

@Misc{GPIO_Header_Bild,
  author = 	 	 {{ Premier Farnell}},
  title = 	 	 {{Raspberry Pi 3 Model B GPIO 40 Pin Block Pinout}},
  howpublished = 	 {\url{https://www.element14.com/community/docs/DOC-73950/l/raspberry-pi-3-model-b-gpio-40-pin-block-pinout} (letzter Zugriff: 18.04.2016)}
}

@Misc{Hompage_RRDtool,
  author = 	 	 { Tobias Oetiker},
  title = 	 	 {{About RRDtool}},
   month =        {September},
  year =         {2014},
  organization = {OETIKER+PARTNER AG},
  howpublished = 	 {\url{http://oss.oetiker.ch/rrdtool/} (letzter Zugriff: 25.04.2016)}
}


@Manual{I2C_Datenblatt,
  Title                    = {I2C-bus specification and user manual},
  Month                    = {April},
  Organization             = {NXP Semiconductor},
  Year                     = {2014},
  Owner                    = {Michi},
  Timestamp                = {2016.04.23}
}

@Book{Raspberri_Pi_Handbuch,
  Title                    = {Raspberry Pi 
Das umfassende Handbuch},
  Author                   = {Kofler and KÃ¼hnast and Scherbeck},
  Publisher                = {Rheinwerk Verlag GmbH, Bonn},
  Year                     = {2015},
  Owner                    = {Michi},
  Timestamp                = {2016.04.06}
}

@Misc{RaspberryPiHomePage,
  author = 	 	 {{ Raspberry PI Foundation}},
  title = 	 	 {{RASPBERRY PI 3 MODEL B}},
  howpublished = 	 {\url{https://www.raspberrypi.org/products/raspberry-pi-3-model-b/} (letzter Zugriff: 16.04.2016)}
}

@Misc{RPI_Bild,
  author = 	 	 {Eben Upton},
  title = 	 	 {{RASPBERRY PI 3 ON SALE NOW AT \$35}},
  Month                    = {Februar},
  Year                     = {2016},
  howpublished = 	 {\url{https://www.raspberrypi.org/blog/raspberry-pi-3-on-sale/} (letzter Zugriff: 17.04.2016)}
}

@Misc{RPI_Verkaufszahlen,
  author = 	 	 {Liz Upton},
  title = 	 	 {{SENIOR PI}},
  Month = {Oktober},
  Year = {2015},
  Organization = {Raspberry Pi Foundation},
  howpublished = 	 {\url{https://www.raspberrypi.org/blog/senior-pi/} (letzter Zugriff: 17.04.2016)}
}

@Misc{Quelle_Tabelle,
  author = 	 	{Dragos George Calin},
  title = 	 	 {{Compare 10 Linux single-board computers to find the right one for you}},
  howpublished = 	 {\url{http://www.intorobotics.com/compare-10-linux-single-board-computers-to-find-the-right-one-for-you/} (letzter Zugriff: 18.05.2016)}
}



@comment{jabref-meta: groupsversion:3;}

@comment{jabref-meta: groupstree:
0 AllEntriesGroup:;
1 ExplicitGroup:Automatically created groups\;2\;;
}

